%suppressed B+->K-pi+ K+ theory 
@article{Atwood:1996ci,
      author         = "Atwood, David and Dunietz, Isard and Soni, Amarjit",
      title          = "{Enhanced CP violation with B ---> K D0 (anti-D0) modes
                        and extraction of the CKM angle gamma}",
      journal        = "Phys. Rev. Lett.",
      volume         = "78",
      year           = "1997",
      pages          = "3257-3260",
      doi            = "10.1103/PhysRevLett.78.3257",
      eprint         = "hep-ph/9612433",
      archivePrefix  = "arXiv",
      primaryClass   = "hep-ph",
      reportNumber   = "FERMILAB-PUB-96-448-T, JLAB-THY-96-19",
      SLACcitation   = "%%CITATION = HEP-PH/9612433;%%"
}

%suppressed B+->K-pi+ pi+ decays LHCb.
@article{Aaij:2012kz,
      author         = "Aaij, R. and others",
      title          = "{Observation of CP violation in $B^\pm \to DK^\pm$
                        decays}",
      collaboration  = "LHCb",
      journal        = "Phys. Lett.",
      volume         = "B712",
      year           = "2012",
      pages          = "203-212",
      doi            = "10.1016/j.physletb.2012.04.060,
                        10.1016/j.physletb.2012.05.060",
      note           = "[Erratum: Phys. Lett.B713,351(2012)]",
      eprint         = "1203.3662",
      archivePrefix  = "arXiv",
      primaryClass   = "hep-ex",
      reportNumber   = "LHCB-PAPER-2012-001, CERN-PH-EP-2012-071",
      SLACcitation   = "%%CITATION = ARXIV:1203.3662;%%"
}

%suppressed B+->K-pi+ pi+ decays Belle
@article{Saigo:2004de,
      author         = "Saigo, M. and others",
      title          = "{Study of the suppressed decays B- ---> [K+ pi-](D) K-
                        and B- ---> [K+ pi-](D) pi-}",
      collaboration  = "Belle",
      journal        = "Phys. Rev. Lett.",
      volume         = "94",
      year           = "2005",
      pages          = "091601",
      doi            = "10.1103/PhysRevLett.94.091601",
      eprint         = "hep-ex/0412025",
      archivePrefix  = "arXiv",
      primaryClass   = "hep-ex",
      SLACcitation   = "%%CITATION = HEP-EX/0412025;%%"
}

%suppressed B+->K-pi+ pi+ decays CDF
@article{Aaltonen:2011uu,
      author         = "Aaltonen, T. and others",
      title          = "{Measurements of branching fraction ratios and
                        CP-asymmetries in suppressed $B^- \to D(\to K^+ \pi^-)K^-$
                        and $B^- \to D(\to K^+ \pi^-)\pi^-$ decays}",
      collaboration  = "CDF",
      journal        = "Phys. Rev.",
      volume         = "D84",
      year           = "2011",
      pages          = "091504",
      doi            = "10.1103/PhysRevD.84.091504",
      eprint         = "1108.5765",
      archivePrefix  = "arXiv",
      primaryClass   = "hep-ex",
      reportNumber   = "FERMILAB-PUB-11-404-E-PPD",
      SLACcitation   = "%%CITATION = ARXIV:1108.5765;%%"
}

%RD* Babar 
@article{Lees:2012xj,
      author         = "Lees, J. P. and others",
      title          = "{Evidence for an excess of $\bar{B} \to D^{(*)}
                        \tau^-\bar{\nu}_\tau$ decays}",
      collaboration  = "BaBar",
      journal        = "Phys. Rev. Lett.",
      volume         = "109",
      year           = "2012",
      pages          = "101802",
      doi            = "10.1103/PhysRevLett.109.101802",
      eprint         = "1205.5442",
      archivePrefix  = "arXiv",
      primaryClass   = "hep-ex",
      reportNumber   = "BABAR-PUB-12-012, SLAC-PUB-15028",
      SLACcitation   = "%%CITATION = ARXIV:1205.5442;%%"
}

%RK* 
@article{Aaij:2017vbb,
      author         = "Aaij, R. and others",
      title          = "{Test of lepton universality with $B^{0} \rightarrow
                        K^{*0}\ell^{+}\ell^{-}$ decays}",
      collaboration  = "LHCb",
      journal        = "JHEP",
      volume         = "08",
      year           = "2017",
      pages          = "055",
      doi            = "10.1007/JHEP08(2017)055",
      eprint         = "1705.05802",
      archivePrefix  = "arXiv",
      primaryClass   = "hep-ex",
      reportNumber   = "LHCB-PAPER-2017-013, CERN-EP-2017-100",
      SLACcitation   = "%%CITATION = ARXIV:1705.05802;%%"
}
%RK
@article{Aaij:2014ora,
      author         = "Aaij, Roel and others",
      title          = "{Test of lepton universality using $B^{+}\rightarrow
                        K^{+}\ell^{+}\ell^{-}$ decays}",
      collaboration  = "LHCb",
      journal        = "Phys. Rev. Lett.",
      volume         = "113",
      year           = "2014",
      pages          = "151601",
      doi            = "10.1103/PhysRevLett.113.151601",
      eprint         = "1406.6482",
      archivePrefix  = "arXiv",
      primaryClass   = "hep-ex",
      reportNumber   = "CERN-PH-EP-2014-140, LHCB-PAPER-2014-024",
      SLACcitation   = "%%CITATION = ARXIV:1406.6482;%%"
}

%P5' LHCb %%%%%%%%%%%%%%%%%
@article{Aaij:2013qta,
      author         = "Aaij, R and others",
      title          = "{Measurement of Form-Factor-Independent Observables in
                        the Decay $B^{0} \to K^{*0} \mu^+ \mu^-$}",
      collaboration  = "LHCb",
      journal        = "Phys. Rev. Lett.",
      volume         = "111",
      year           = "2013",
      pages          = "191801",
      doi            = "10.1103/PhysRevLett.111.191801",
      eprint         = "1308.1707",
      archivePrefix  = "arXiv",
      primaryClass   = "hep-ex",
      reportNumber   = "LHCB-PAPER-2013-037, CERN-PH-EP-2013-146",
      SLACcitation   = "%%CITATION = ARXIV:1308.1707;%%"
}
@article{Aaij:2015oid,
      author         = "Aaij, Roel and others",
      title          = "{Angular analysis of the $B^{0} \to K^{*0} \mu^{+}
                        \mu^{-}$ decay using 3 fb$^{-1}$ of integrated
                        luminosity}",
      collaboration  = "LHCb",
      journal        = "JHEP",
      volume         = "02",
      year           = "2016",
      pages          = "104",
      doi            = "10.1007/JHEP02(2016)104",
      eprint         = "1512.04442",
      archivePrefix  = "arXiv",
      primaryClass   = "hep-ex",
      reportNumber   = "CERN-PH-EP-2015-314, LHCB-PAPER-2015-051",
      SLACcitation   = "%%CITATION = ARXIV:1512.04442;%%"
}

% P5' Belle
@inproceedings{Abdesselam:2016llu,
      author         = "Abdesselam, A. and others",
      title          = "{Angular analysis of $B^0 \to K^\ast(892)^0 \ell^+
                        \ell^-$}",
      booktitle      = "{Proceedings, LHCSki 2016 - A First Discussion of 13 TeV
                        Results: Obergurgl, Austria, April 10-15, 2016}",
      collaboration  = "Belle",
      url            = "https://inspirehep.net/record/1446979/files/arXiv:1604.04042.pdf",
      year           = "2016",
      eprint         = "1604.04042",
      archivePrefix  = "arXiv",
      primaryClass   = "hep-ex",
      reportNumber   = "BELLE-CONF-1603",
      SLACcitation   = "%%CITATION = ARXIV:1604.04042;%%"
}

% P5' ATLAS
@techreport{ATLAS-CONF-2017-023,
      title         = "{Angular analysis of $B^0_d \to K^{*}\mu^+\mu^-$ decays in
                       $pp$ collisions at $\sqrt{s}= 8$ TeV with the ATLAS
                       detector}",
      institution   = "CERN",
      collaboration = "ATLAS Collaboration",
      address       = "Geneva",
      number        = "ATLAS-CONF-2017-023",
      month         = "Apr",
      year          = "2017",
      reportNumber  = "ATLAS-CONF-2017-023",
      url           = "https://cds.cern.ch/record/2258146",
}

%P5' CMS 
@article{Sirunyan:2017dhj,
      author         = "Sirunyan, Albert M and others",
      title          = "{Measurement of angular parameters from the decay
                        $\mathrm{B}^0 \to \mathrm{K}^{*0} \mu^+ \mu^-$ in
                        proton-proton collisions at $\sqrt{s} = $ 8 TeV}",
      collaboration  = "CMS",
      year           = "2017",
      eprint         = "1710.02846",
      archivePrefix  = "arXiv",
      primaryClass   = "hep-ex",
      reportNumber   = "CMS-BPH-15-008, CERN-EP-2017-240",
      SLACcitation   = "%%CITATION = ARXIV:1710.02846;%%"
}


%P5' Babar (angular) 
@article{Lees:2015ymt,
      author         = "Lees, J. P. and others",
      title          = "{Measurement of angular asymmetries in the decays $B \to
                        K^*?^+?^-$}",
      collaboration  = "BaBar",
      journal        = "Phys. Rev.",
      volume         = "D93",
      year           = "2016",
      number         = "5",
      pages          = "052015",
      doi            = "10.1103/PhysRevD.93.052015",
      eprint         = "1508.07960",
      archivePrefix  = "arXiv",
      primaryClass   = "hep-ex",
      reportNumber   = "BABAR-PUB-15-002, SLAC-PUB-16384",
      SLACcitation   = "%%CITATION = ARXIV:1508.07960;%%"
}
%theory
@article{Descotes-Genon:2015uva,
      author         = "Descotes-Genon, SŽbastien and Hofer, Lars and Matias,
                        Joaquim and Virto, Javier",
      title          = "{Global analysis of $b\to s\ell\ell$ anomalies}",
      journal        = "JHEP",
      volume         = "06",
      year           = "2016",
      pages          = "092",
      doi            = "10.1007/JHEP06(2016)092",
      eprint         = "1510.04239",
      archivePrefix  = "arXiv",
      primaryClass   = "hep-ph",
      reportNumber   = "LPT-ORSAY-15-68, QFET-2015-29, SI-HEP-2015-19",
      SLACcitation   = "%%CITATION = ARXIV:1510.04239;%%"
}


@article{Bordone:2016gaq,
      author         = "Bordone, Marzia and Isidori, Gino and Pattori, Andrea",
      title          = "{On the Standard Model predictions for $R_K$ and
                        $R_{K^*}$}",
      journal        = "Eur. Phys. J.",
      volume         = "C76",
      year           = "2016",
      number         = "8",
      pages          = "440",
      doi            = "10.1140/epjc/s10052-016-4274-7",
      eprint         = "1605.07633",
      archivePrefix  = "arXiv",
      primaryClass   = "hep-ph",
      SLACcitation   = "%%CITATION = ARXIV:1605.07633;%%"
}

@article{Capdevila:2017bsm,
      author         = "Capdevila, Bernat and Crivellin, Andreas and
                        Descotes-Genon, SŽbastien and Matias, Joaquim and Virto,
                        Javier",
      title          = "{Patterns of New Physics in $b\to s\ell^+\ell^-$
                        transitions in the light of recent data}",
      journal        = "JHEP",
      volume         = "01",
      year           = "2018",
      pages          = "093",
      doi            = "10.1007/JHEP01(2018)093",
      eprint         = "1704.05340",
      archivePrefix  = "arXiv",
      primaryClass   = "hep-ph",
      reportNumber   = "PSI-PR-17-05, LPT-ORSAY-17-19",
      SLACcitation   = "%%CITATION = ARXIV:1704.05340;%%"
}
@article{RD,
            eprint         = "http://www.slac.stanford.edu/xorg/hfag/semi/fpcp17/RDRDs.html",
     }
@article{FB,
            eprint         = "http://www.slac.stanford.edu/xorg/hfag/osc/summer_2017/",
     }
    @article{PDG0,
            eprint         = "http://pdg.lbl.gov/2017/listings/rpp2017-list-B-zero.pdf",
     }
     @article{PDG+,
            eprint         = "http://pdg.lbl.gov/2017/listings/rpp2017-list-B-plus-minus.pdf",
     }
      @article{scoutingW,
            eprint         = "https://indico.cern.ch/event/688591/contributions/2826324/attachments/1580667/2501056/computing_exo_workshop_jan_2018.pdf",
     }
     
     
     @article{MC,
            eprint         = "http://mastercode.web.cern.ch/mastercode/",
     }
     
     @article{EXOW,
            eprint         = " https://indico.cern.ch/event/688591/",
     }

   
  
   
%BR(Bplus->Kmumu}
@article{Boveia:2016mrp,
      author         = "Busoni, Giorgio and others",
      editor         = "Boveia, Antonio and Buchmueller, Oliver and Doglioni,
                        Caterina and Hahn, Kristian and Haisch, Ulrich and
                        Kahlhoefer, Felix and Mangano, Michelangelo and McCabe,
                        Christopher and Tait, Tim M. P.",
      title          = "{Recommendations on presenting LHC searches for missing
                        transverse energy signals using simplified $s$-channel
                        models of dark matter}",
      year           = "2016",
      eprint         = "1603.04156",
      archivePrefix  = "arXiv",
      primaryClass   = "hep-ex",
      reportNumber   = "CERN-LPCC-2016-001, FERMILAB-FN-1009-CD",
      SLACcitation   = "%%CITATION = ARXIV:1603.04156;%%"
}
@article{Abdallah:2015ter,
      author         = "Abdallah, Jalal and others",
      title          = "{Simplified Models for Dark Matter Searches at the LHC}",
      journal        = "Phys. Dark Univ.",
      volume         = "9-10",
      year           = "2015",
      pages          = "8-23",
      doi            = "10.1016/j.dark.2015.08.001",
      eprint         = "1506.03116",
      archivePrefix  = "arXiv",
      primaryClass   = "hep-ph",
      reportNumber   = "FERMILAB-PUB-15-283-CD, CERN-PH-TH-2015-139",
      SLACcitation   = "%%CITATION = ARXIV:1506.03116;%%"
}
@article{Albert:2017onk,
      author         = "Albert, Andreas and others",
      title          = "{Recommendations of the LHC Dark Matter Working Group:
                        Comparing LHC searches for heavy mediators of dark matter
                        production in visible and invisible decay channels}",
      year           = "2017",
      eprint         = "1703.05703",
      archivePrefix  = "arXiv",
      primaryClass   = "hep-ex",
      reportNumber   = "CERN-LPCC-2017-01",
      SLACcitation   = "%%CITATION = ARXIV:1703.05703;%%"
}
@article{Abercrombie:2015wmb,
      author         = "Abercrombie, Daniel and others",
      editor         = "Boveia, Antonio and Doglioni, Caterina and Lowette,
                        Steven and Malik, Sarah and Mrenna, Stephen",
      title          = "{Dark Matter Benchmark Models for Early LHC Run-2
                        Searches: Report of the ATLAS/CMS Dark Matter Forum}",
      year           = "2015",
      eprint         = "1507.00966",
      archivePrefix  = "arXiv",
      primaryClass   = "hep-ex",
      reportNumber   = "FERMILAB-PUB-15-282-CD",
      SLACcitation   = "%%CITATION = ARXIV:1507.00966;%%"
}
@article{Buchmueller:2014yoa,
      author         = "Buchmueller, Oliver and Dolan, Matthew J. and Malik,
                        Sarah A. and McCabe, Christopher",
      title          = "{Characterising dark matter searches at colliders and
                        direct detection experiments: Vector mediators}",
      journal        = "JHEP",
      volume         = "01",
      year           = "2015",
      pages          = "037",
      doi            = "10.1007/JHEP01(2015)037",
      eprint         = "1407.8257",
      archivePrefix  = "arXiv",
      primaryClass   = "hep-ph",
      reportNumber   = "IPPP-14-68, DCPT-14-136, SLAC-PUB-16033",
      SLACcitation   = "%%CITATION = ARXIV:1407.8257;%%"
}
